<record><leader>00000cas a2200000 a 4500</leader><controlfield tag="001">22992790</controlfield><controlfield tag="008">910121c19919999ncudr ne      0   a0eng c</controlfield><datafield ind1=" " ind2=" " tag="010"><subfield code="a">sn 91000159 </subfield></datafield><datafield ind1=" " ind2=" " tag="040"><subfield code="a">NDD</subfield><subfield code="b">eng</subfield><subfield code="c">NDD</subfield><subfield code="d">NSD</subfield><subfield code="d">NVJ</subfield><subfield code="d">DLC</subfield><subfield code="d">NYS</subfield><subfield code="d">CUS</subfield><subfield code="d">OCLCQ</subfield><subfield code="d">OCLCF</subfield></datafield><datafield ind1=" " ind2=" " tag="012"><subfield code="m">1</subfield></datafield><datafield ind1="1" ind2=" " tag="022"><subfield code="a">1055-4467</subfield><subfield code="l">1055-4467</subfield><subfield code="2">1</subfield></datafield><datafield ind1="1" ind2=" " tag="029"><subfield code="a">AU@</subfield><subfield code="b">000020664126</subfield></datafield><datafield ind1="1" ind2=" " tag="029"><subfield code="a">NZ1</subfield><subfield code="b">16075032</subfield></datafield><datafield ind1=" " ind2=" " tag="032"><subfield code="a">163100</subfield><subfield code="b">USPS</subfield></datafield><datafield ind1=" " ind2=" " tag="042"><subfield code="a">nsdp</subfield><subfield code="a">pcc</subfield></datafield><datafield ind1=" " ind2=" " tag="043"><subfield code="a">n-us-nc</subfield></datafield><datafield ind1="0" ind2="0" tag="050"><subfield code="a">Newspaper</subfield></datafield><datafield ind1="0" ind2=" " tag="130"><subfield code="a">Herald-sun (Durham, N.C.)</subfield></datafield><datafield ind1=" " ind2="4" tag="222"><subfield code="a">The herald-sun</subfield><subfield code="b">(Durham, N.C.)</subfield></datafield><datafield ind1="1" ind2="4" tag="245"><subfield code="a">The herald-sun.</subfield></datafield><datafield ind1="1" ind2=" " tag="246"><subfield code="i">Issued on Sunday as:</subfield><subfield code="a">Sunday herald-sun</subfield><subfield code="f">&lt;2003&gt;</subfield></datafield><datafield ind1=" " ind2=" " tag="260"><subfield code="a">Durham, N.C. :</subfield><subfield code="b">Durham Herald Co.,</subfield><subfield code="c">2001-</subfield></datafield><datafield ind1=" " ind2=" " tag="300"><subfield code="a">v. :</subfield><subfield code="b">ill.</subfield></datafield><datafield ind1=" " ind2=" " tag="310"><subfield code="a">Daily</subfield></datafield><datafield ind1="0" ind2=" " tag="362"><subfield code="a">Jan. 1, 1991-</subfield></datafield><datafield ind1=" " ind2=" " tag="580"><subfield code="a">Issued with: Chapel Hill herald, Jan. 1, 1991-</subfield></datafield><datafield ind1=" " ind2=" " tag="588"><subfield code="a">Latest issue consulted: Sept. 7, 2003.</subfield></datafield><datafield ind1=" " ind2="0" tag="651"><subfield code="a">Durham (N.C.)</subfield><subfield code="v">Newspapers.</subfield></datafield><datafield ind1=" " ind2="0" tag="651"><subfield code="a">Durham County (N.C.)</subfield><subfield code="v">Newspapers.</subfield></datafield><datafield ind1=" " ind2="7" tag="655"><subfield code="a">Newspapers.</subfield><subfield code="2">fast</subfield><subfield code="0">(OCoLC)fst01423814</subfield></datafield><datafield ind1=" " ind2="7" tag="651"><subfield code="a">North Carolina</subfield><subfield code="z">Durham.</subfield><subfield code="2">fast</subfield><subfield code="0">(OCoLC)fst01207378</subfield></datafield><datafield ind1=" " ind2="7" tag="651"><subfield code="a">North Carolina</subfield><subfield code="z">Durham County.</subfield><subfield code="2">fast</subfield><subfield code="0">(OCoLC)fst01218049</subfield></datafield><datafield ind1=" " ind2=" " tag="752"><subfield code="a">United States</subfield><subfield code="b">North Carolina</subfield><subfield code="c">Durham</subfield><subfield code="d">Durham.</subfield></datafield><datafield ind1="0" ind2="8" tag="776"><subfield code="i">Online version:</subfield><subfield code="t">Herald-sun (Durham, N.C. : Online)</subfield><subfield code="w">(OCoLC)61312833</subfield></datafield><datafield ind1="1" ind2=" " tag="777"><subfield code="t">Chapel Hill herald</subfield><subfield code="w">(DLC)sn 93065733</subfield><subfield code="w">(OCoLC)27702593</subfield></datafield><datafield ind1="0" ind2="4" tag="780"><subfield code="t">Durham morning herald</subfield><subfield code="w">(DLC)sn 84020730</subfield><subfield code="w">(OCoLC)9519676</subfield></datafield><datafield ind1="0" ind2="4" tag="780"><subfield code="t">Durham sun</subfield><subfield code="w">(DLC)sn 84020732</subfield><subfield code="w">(OCoLC)9534658</subfield></datafield></record>